<record xmlns="http://www.loc.gov/MARC21/slim" xmlns:xsi="http://www.w3.org/2001/XMLSchema-instance" xsi:schemaLocation="http://www.loc.gov/MARC21/slim http://www.loc.gov/standards/marcxml/schema/MARC21slim.xsd"><leader>00037nz   2200037n  4500</leader><controlfield tag="001">DNB|102401381</controlfield><controlfield tag="003">DNB</controlfield><controlfield tag="005">20080405190915.0</controlfield><controlfield tag="008">930416n||aznnnabbn           | aaa    |c</controlfield><datafield ind1=" " ind2=" " tag="035"><subfield code="a">(DE-101)102401381</subfield></datafield><datafield ind1=" " ind2=" " tag="035"><subfield code="a">(DE-588a)102401381</subfield></datafield><datafield ind1=" " ind2=" " tag="040"><subfield code="a">DE-12</subfield><subfield code="b">ger</subfield><subfield code="c">DE-101</subfield><subfield code="e">rakwb</subfield><subfield code="d">9999</subfield></datafield><datafield ind1=" " ind2=" " tag="079"><subfield code="a">p</subfield><subfield code="q">f</subfield><subfield code="q">p</subfield><subfield code="t">12-PAN</subfield></datafield><datafield ind1="0" ind2=" " tag="100"><subfield code="a">Pamphilus</subfield><subfield code="c">Alexandrinus</subfield><subfield code="d">2. Jh. v. Chr.</subfield></datafield><datafield ind1="0" ind2=" " tag="400"><subfield code="a">Pamphilos</subfield><subfield code="c">von Alexandreia</subfield><subfield code="d">2. Jh. v. Chr.</subfield></datafield><datafield ind1="0" ind2=" " tag="400"><subfield code="a">Pamphilus</subfield><subfield code="c">Epigrammaticus</subfield><subfield code="d">2. Jh. v. Chr.</subfield></datafield><datafield ind1="0" ind2=" " tag="400"><subfield code="a">Pamphilus</subfield><subfield code="c">Grammaticus</subfield><subfield code="d">2. Jh. v. Chr.</subfield></datafield><datafield ind1="0" ind2=" " tag="400"><subfield code="a">Pamphilus</subfield><subfield code="c">of Alexandria</subfield><subfield code="d">2. Jh. v. Chr.</subfield></datafield><datafield ind1="0" ind2=" " tag="400"><subfield code="a">Pamphilus</subfield><subfield code="c">Grammarian</subfield><subfield code="d">2. Jh. v. Chr.</subfield></datafield><datafield ind1="0" ind2=" " tag="400"><subfield code="a">Pamphilos</subfield><subfield code="c">Grammatiker</subfield><subfield code="d">2. Jh. v. Chr.</subfield></datafield><datafield ind1="0" ind2=" " tag="400"><subfield code="a">Panfilo</subfield><subfield code="c">di Alessandria</subfield><subfield code="d">2. Jh. v. Chr.</subfield></datafield><datafield ind1=" " ind2=" " tag="549"><subfield code="w">i</subfield><subfield code="i">Lebensdaten</subfield><subfield code="a">2. Jh. v. Chr.</subfield></datafield><datafield ind1=" " ind2=" " tag="678"><subfield code="a">AP 7.201; 9.57; Identität mit Pamphilus &lt;Grammaticus&gt; umstritten</subfield></datafield><datafield ind1=" " ind2=" " tag="996"><subfield code="2">BAV|ADV11974060</subfield></datafield><datafield ind1=" " ind2=" " tag="996"><subfield code="2">LC|no 91020231</subfield></datafield><datafield ind1=" " ind2=" " tag="996"><subfield code="2">LC|n  92052520</subfield></datafield><datafield ind1=" " ind2=" " tag="996"><subfield code="2">LC|n  88070923</subfield></datafield><datafield ind1=" " ind2=" " tag="996"><subfield code="2">JPG|500093695</subfield></datafield><datafield ind1=" " ind2=" " tag="996"><subfield code="2">NLA|000035198807</subfield></datafield><datafield ind1=" " ind2=" " tag="996"><subfield code="2">SELIBR|326140</subfield></datafield><datafield ind1=" " ind2=" " tag="996"><subfield code="2">NKC|xx0026139</subfield></datafield><datafield ind1=" " ind2=" " tag="996"><subfield code="2">NLIlat|000234179</subfield></datafield><datafield ind1=" " ind2=" " tag="997"><subfield code="a">-100 0 flourished</subfield><subfield code="9">1</subfield></datafield></record>